%1
@inproceedings{tavallaee2009detailed,
  author = {M. Tavallaee and E. Bagheri and W. Lu and A. Ghorbani},
  title = {A Detailed Analysis of the KDD CUP 99 Data Set},
  booktitle = {Submitted to Second IEEE Symposium on Computational Intelligence for Security and Defense Applications (CISDA)},
  year = {2009}
}

%2
@incollection{sharma2020malicious,
  author = {A. Sharma and A. Thakral},
  title = {Malicious URL classification using machine learning algorithms and comparative analysis},
  booktitle = {Advances in Intelligent Systems and Computing},
  volume = {1090},
  pages = {791--799},
  year = {2020},
  doi = {10.1007/978-981-151480-7_73/COVER}
}

%4
@inproceedings{santoshi2021twitter,
  author = {K. U. Santoshi and S. S. Bhavya and Y. B. Sri and B. Venkateswarlu},
  title = {Twitter Spam Detection Using Naïve Bayes Classifier},
  booktitle = {Proceedings of the 6th International Conference on Inventive Computation Technologies, ICICT 2021},
  pages = {773--777},
  year = {2021},
  month = {Jan},
  doi = {10.1109/ICICT50816.2021.9358579}
}

%5
@inproceedings{islam2019using,
  author = {T. Islam and S. Latif and N. Ahmed},
  title = {Using Social Networks to Detect Malicious Bangla Text Content},
  booktitle = {1st International Conference on Advances in Science, Engineering and Robotics Technology 2019, ICASERT 2019},
  year = {2019},
  month = {May},
  doi = {10.1109/ICASERT.2019.8934841}
}

%6
@article{oyelakin2023performance,
  author = {A. Moruff Oyelakin and O. Akinyemi Moruff and A. Olasunkanmi Maruf and A. Tosho},
  title = {Performance Analysis of Selected Machine Learning Algorithms for the Classification of Phishing URLs},
  note = {Accessed: Jan. 05, 2023. [Online]. Available: \url{https://www.researchgate.net/publication/345161822}}
}

%7
@article{serda2013synteza,
  author = {Maciej Serda and others},
  title = {Synteza i aktywność biologiczna nowych analogów tiosemikarbazonowych chelatorów żelaza},
  journal = {Uniwersytet śląski},
  volume = {7},
  number = {1},
  pages = {343--354},
  year = {2013},
  doi = {10.2/JQUERY.MIN.JS}
}

%8
@article{wu2022classification,
  author = {T. Wu and Y. Xi and M. Wang and Z. Zhao},
  title = {Classification of Malicious URLs by CNN Model Based on Genetic Algorithm},
  journal = {Applied Sciences},
  volume = {12},
  number = {23},
  pages = {12030},
  year = {2022},
  month = {Nov},
  doi = {10.3390/APP122312030}
}

%9
@incollection{rajalakshmi2019transfer,
  author = {R. Rajalakshmi and S. Ramraj and R. Ramesh Kannan},
  title = {Transfer learning approach for identification of malicious domain names},
  booktitle = {Communications in Computer and Information Science},
  volume = {969},
  pages = {656--666},
  year = {2019},
  doi = {10.1007/978-981-13-5826-5_51/COVER}
}

%10
@incollection{wejinya2021machine,
  author = {G. Wejinya and S. Bhatia},
  title = {Machine Learning for Malicious URL Detection},
  booktitle = {Advances in Intelligent Systems and Computing},
  volume = {1270},
  pages = {463--472},
  year = {2021},
  doi = {10.1007/978-981-15-8289-9_45/COVER}
}

%11
@inproceedings{alzubaidi_detect,
  author = {F. Alzubaidi},
  title = {DETECT MALWARE URL USING NAIVE BAYES ALGORITHM}
}

%12
@inproceedings{el-din2021malweb,
  author = {A. E. El-Din and E. El-Din Hemdan and A. El-Sayed},
  title = {Malweb: An efficient malicious websites detection system using machine learning algorithms},
  booktitle = {ICEEM 2021 - 2nd IEEE International Conference on Electronic Engineering},
  year = {2021},
  month = {Jul},
  doi = {10.1109/ICEEM52022.2021.9480648}
}

%13
@inproceedings{wang2020auto1,
  author = {S. Wang and Y. Wang and M. Tang},
  title = {Auto Malicious Websites Classification Based on Naive Bayes Classifier},
  booktitle = {Proceedings of 2020 IEEE 3rd International Conference on Information Systems and Computer Aided Education, ICISCAE 2020},
  pages = {443--447},
  year = {2020},
  month = {Sep},
  doi = {10.1109/ICISCAE51034.2020.9236912}
}

%14
@inproceedings{wang2020auto2,
  author = {S. Wang and Y. Wang and M. Tang},
  title = {Auto Malicious Websites Classification Based on Nai ve Bayes Classifier},
  booktitle = {Proceedings of 2020 IEEE 3rd International Conference on Information Systems and Computer Aided Education, ICISCAE 2020},
  pages = {443--447},
  year = {2020},
  month = {Sep},
  doi = {10.1109/ICISCAE51034.2020.9236912}
}

%15
@inproceedings{fadheel2022phishing,
  author = {W. Fadheel and W. Al-Mawee and S. Carr},
  title = {On Phishing: URL Lexical and Network Traffic Features Analysis and Knowledge Extraction using Machine Learning Algorithms (A Comparison Study)},
  booktitle = {2022 5th International Conference on Data Science and Information Technology, DSIT 2022 - Proceedings},
  year = {2022},
  doi = {10.1109/DSIT55514.2022.9943832}
}

%16
@inproceedings{liu2017analysis,
  author = {C. Liu and G. Wang},
  title = {Analysis and detection of spam accounts in social networks},
  booktitle = {2016 2nd IEEE International Conference on Computer and Communications, ICCC 2016 - Proceedings},
  pages = {2526--2530},
  year = {2017},
  month = {May},
  doi = {10.1109/COMPCOMM.2016.7925154}
}

%17
@article{subasi2021comparative,
  author = {A. Subasi and M. Balfaqih and Z. Balfagih and K. Alfawwaz},
  title = {A comparative evaluation of ensemble classifiers for malicious webpage detection},
  journal = {Procedia Comput. Sci.},
  volume = {194},
  pages = {272--279},
  year = {2021}
}

%18
@article{sayamber2014malicious,
  author = {A.B. Sayamber and A.M. Dixit},
  title = {Malicious URL detection and identification},
  journal = {Int. J. Comput. Appl.},
  volume = {99},
  pages = {17--23},
  year = {2014}
}

%19
@article{jian2016design,
  author = {L. Jian and Z. Gang and Z. Yunpeng},
  title = {Design and implementation of malicious URL multi-layer filtering detection model},
  journal = {Inf. Netw. Secur.},
  volume = {1},
  pages = {6},
  year = {2016}
}

%20
@inproceedings{vundavalli2020malicious,
  author = {V. Vundavalli and F. Barsha and M. Masum and H. Shahriar and H. Haddad},
  title = {Malicious URL detection using supervised machine learning techniques},
  booktitle = {Proceedings of the 13th International Conference on Security of Information and Networks},
  year = {2020},
  month = {Nov},
  pages = {1--6}
}

%21
@article{rahman2020phishstack,
  author = {S.S. Rahman and M.M. Islam and M.I. Jabiullah},
  title = {PhishStack: Evaluation of stacked generalization in phishing URLs detection},
  journal = {Procedia Comput. Sci.},
  volume = {167},
  pages = {2410--2418},
  year = {2020}
}

%22
@article{zeyu2020malicious,
  author = {L. Zeyu and S. Yong and X. Zhi},
  title = {Malicious URL recognition based on machine learning},
  journal = {Commun. Technol.},
  volume = {53},
  year = {2020}
}

%23
@inproceedings{pham2018exploring,
  author = {T.T. Pham and T. Hoang and V.N. Ha},
  title = {Exploring efficiency of character-level convolution neuron network and long short-term memory on malicious URL detection},
  booktitle = {Proceedings of the 2018 VII International Conference on Network, Communication and Computing},
  year = {2018},
  month = {Dec},
  pages = {82--86},

address = {Taipei City, Taiwan}
}

%24
@article{chen2021malicious,
  author = {Z. Chen and Y. Liu and C. Chen and M. Lu and X. Zhang},
  title = {Malicious URL detection based on improved multilayer recurrent convolutional neural network model},
  journal = {Secur. Commun. Netw.},
  year = {2021},
  volume = {2021},
  pages = {9994127}
}

%25
@article{li2020improving,
  author = {T. Li and G. Kou and Y. Peng},
  title = {Improving malicious URLs detection via feature engineering: Linear and nonlinear space transformation methods},
  journal = {Inf. Syst.},
  year = {2020},
  volume = {91},
  pages = {101494}
}

%26
@article{kumi2021malicious,
  author = {S. Kumi and C.H. Lim and S.G. Lee},
  title = {Malicious URL detection based on associative classification},
  journal = {Entropy},
  year = {2021},
  volume = {23},
  pages = {182}
}

%27
@article{raja2021lexical,
  author = {A.S. Raja and R. Vinodini and A. Kavitha},
  title = {Lexical features based malicious URL detection using machine learning techniques},
  journal = {Mater. Today: Proc.},
  year = {2021},
  volume = {47 Pt 1},
  pages = {163--166}
}

%28
@article{joshi2019using,
  author = {A. Joshi and L. Lloyd and P. Westin and S. Seethapathy},
  title = {Using lexical features for malicious URL detection—A machine learning approach},
  journal = {arXiv},
  year = {2019},
  volume = {arXiv:1910.06277}
}

%29
@article{kang2018malicious,
  author = {C. Kang and F. Huazheng and X. Yong},
  title = {Malicious URL identification based on deep learning},
  journal = {Comput. Syst. Appl.},
  year = {2018},
  volume = {27},
  pages = {27--33}
}

%30
@article{yuan2021novel,
  author = {J.T. Yuan and Y.P. Liu and L. Yu},
  title = {A novel approach for malicious URL detection based on the joint model},
  journal = {Secur. Commun. Netw.},
  year = {2021},
  volume = {2021},
  pages = {4917016}
}

%31
@article{le2018urlnet,
  author = {H. Le and Q. Pham and D. Sahoo and S.C. Hoi},
  title = {URLNet: Learning a URL representation with deep learning for malicious URL detection},
  journal = {arXiv},
  year = {2018},
  volume = {arXiv:1802.03162}
}

%32
@article{yuan2021malicious,
  author = {J. Yuan and G. Chen and S. Tian and X. Pei},
  title = {Malicious URL detection based on a parallel neural joint model},
  journal = {IEEE Access},
  year = {2021},
  volume = {9},
  pages = {9464--9472}
}

%33
@article{zhao2014two,
  author = {G. Zhao and P. Wang and X. Wang and W. Jin and X. Wu},
  title = {Two-dimensional code malicious URL detection method based on decision tree},
  journal = {Inf. Secur. Technol.},
  year = {2014},
  volume = {5},
  pages = {36--39}
}

%34
@inproceedings{liu2018finding,
  author = {C. Liu and L. Wang and B. Lang and Y. Zhou},
  title = {Finding effective classifier for malicious URL detection},
  booktitle = {Proceedings of the 2018 2nd International Conference on Management Engineering, Software Engineering and Service Sciences},
  year = {2018},
  month = {Jan},
  pages = {240--244},
  address = {Wuhan, China}
}

%35
@article{lin2015efficient,
  author = {H.L. Lin and Y. Li and W.P. Wang and Y.L. Yue and Z. Lin},
  title = {Efficient malicious URL detection method based on segment pattern},
  journal = {Commun. J.},
  year = {2015},
  volume = {36},
  pages = {141--148}
}

%36
@article{subasi2021comparative,
  author = {A. Subasi and M. Balfaqih and Z. Balfagih and K. Alfawwaz},
  title = {A comparative evaluation of ensemble classifiers for malicious webpage detection},
  journal = {Procedia Comput. Sci.},
  year = {2021},
  volume = {194},
  pages = {272--279}
}

%37
@article{sayamber2014malicious,
  author = {A.B. Sayamber and A.M. Dixit},
  title = {Malicious URL detection and identification},
  journal = {Int. J. Comput. Appl.},
  year = {2014},
  volume = {99},
  pages = {17--23}
}

%38
@article{jian2016design,
  author = {L. Jian and Z. Gang and Z. Yunpeng},
  title = {Design and implementation of malicious URL multi-layer filtering detection model},
  journal = {Inf. Netw. Secur.},
  year = {2016},
  volume = {1},
  pages = {6}
}

%39
@inproceedings{vundavalli2020malicious,
  author = {V. Vundavalli and F. Barsha and M. Masum and H. Shahriar and H. Haddad},
  title = {Malicious URL detection using supervised machine learning techniques},
  booktitle = {Proceedings of the 13th International Conference on Security of Information and Networks},
  year = {2020},
  month = {Nov},
  pages = {1--6},
  address = {Merkez, Turkey}
}

%40
@article{rahman2020phishstack,
  author = {S.S. Rahman and M.M. Islam and T. Jabiullah},
  title = {PhishStack: Evaluation of stacked generalization in phishing URLs detection},
  journal = {Procedia Comput. Sci.},
  year = {2020},
  volume = {167},
  pages = {2410--2418}
}

%41
@article{zeyu2020malicious,
  author = {L. Zeyu and S. Yong and X. Zhi},
  title = {Malicious URL recognition based on machine learning},
  journal = {Commun. Technol.},
  year = {2020}
}

%42
@inproceedings{pham2018exploring,
  author = {T.T. Pham and V.N. Hoang and T.N. Ha},
  title = {Exploring efficiency of character-level convolution neuron network and long short-term memory on malicious URL detection},
  booktitle = {Proceedings of the 2018 VII International Conference on Network, Communication and Computing},
  year = {2018},
  month = {Dec},
  pages = {82--86},
  address = {Taipei City, Taiwan}
}

%43
@article{chen2021malicious,
  author = {Z. Chen and Y. Liu and C. Chen and M. Lu and X. Zhang},
  title = {Malicious URL detection based on improved multilayer recurrent convolutional neural network model},
  journal = {Secur. Commun. Netw.},
  year = {2021},
  volume = {2021},
  pages = {9994127}
}

@article{li2020improving,
  author = {T. Li and G. Kou and Y. Peng},
  title = {Improving malicious URLs detection via feature engineering: Linear and nonlinear space transformation methods},
  journal = {Inf. Syst.},
  year = {2020},
  volume = {91},
  pages = {101494}
}
